@online{techtarget,
    author = {Ed Burns and Nicole Laskowski and Linda Tucci},
    title = {What is Artificial Intelligence (AI)?},
    year = {},
    url  = {https://www.techtarget.com/searchenterpriseai/definition/AI-Artificial-Intelligence}
}

@online{ibm,
    author = {IBM},
    title = {Artificial Intelligence (AI)},
    year = {2020},
    url = {https://www.ibm.com/cloud/learn/what-is-artificial-intelligence}
}

@online{wikipedia-ai,
    author = {Wikipedia},
    title = {Artificial intelligence},
    year = {2022},
    url = {https://en.wikipedia.org/wiki/Artificial_intelligence}
}

@article{alanturing,
    author = {Alan Turing},
    title = {Computer Machinery and Intelligence},
    journal = {Mind},
    volume = {59},
    number = {236},
    pages = {433-460},
    year = {1950}
}

@book{russelnorvig,
    author = {Stuart Russel and Peter Norvig},
    title = {Artificial Intelligence: A Modern Approach},
    year = {2021},
    publisher = {Pearson Education},
    edition = {4}
}
